@book{nussbaum:95,
  author = {Nussbaum, Martha C.},
  title  = {Poetic Justice},
  subtitle = {The Literary Imagination and Public Life},
  publisher = {Beacon Press},
  location = {Boston},
  date = {1995},
}