%% LaTeX2e file `testbibliography.bib'
%% generated by the `filecontents' environment
%% from source `punctcite7' on 2014/04/18.
%%
@incollection{Adams1981,
author = {Adams, R. E. W.},
title = {Settlement Patterns of the Central Yucatan and Southern Campeche Regions},
booktitle = {Lowland Maya Settlement Patterns},
date = {1981},
editor = {Ashmore, Wendy},
publisher = {School of American Research and University of New Mexico Press},
location = {Albuquerque},
pages = {211--257},
}

@article{Blanton1976,
author = {Blanton, Richard E.},
journal = {Annual Review of Anthropology},
number = {1},
pages = {249--264},
title = {{Anthropological Studies of Cities}},
volume = {5},
year = {1976}
}
